@book{jacobson2012basic,
  title={Basic algebra I and II},
  author={Jacobson, Nathan},
  year={2012},
  publisher={Courier Corporation}
}

