@misc{r, title={The {R} project for statistical computing}, url={https://www.r-project.org/}, journal={R}}

@misc{rstudio, title={Rstudio}, url={https://www.r-project.org/}, journal={R}}

@misc{semanticwebstack, title = {The common layered Semantic Web technology stack}, url={https://smiy.wordpress.com/2011/01/10/the-common-layered-semantic-web-technology-stack/}}

@phdthesis{michel2014survey,
	title={A survey of RDB to RDF translation approaches and tools},
	author={Michel, Franck and Montagnat, Johan and Zucker, Catherine Faron},
	year={2014},
	school={I3S}
}
