 @misc{r, title={The R project for statistical computing}, url={https://www.r-project.org/}, journal={R}}

 @misc{rstudio, title={Rstudio}, url={https://www.r-project.org/}, journal={R}}
