@online{stephen2023docker,
  author = {Grinder, Stephen},
  title = {Docker and Kubernetes: The Complete Guide},
  year = 2023,
  url = {https://www.udemy.com/course/docker-and-kubernetes-the-complete-guide/},
  urldate = {2023-06-15}
}

@online{honai2023cicd,
	author = {Honai, John},
	title = {{CI/CD} for Beginners},
	year = 2023,
	url = {https://nlbsg.udemy.com/course/ci-cd-devops/},
	urldate = {2023-10-10}
}

@book{gasser1988building,
	title={Building a secure computer system},
	author={Gasser, Morrie},
	year={1988},
	publisher={Citeseer}
}

@online{githubdocs2024usingactionsexample1,
	author = {GitHub},
	title = {Using scripts to test your code on a runner},
	year = 2024,
	url = {https://docs.github.com/en/actions/examples/using-scripts-to-test-your-code-on-a-runner/},
	urldate = {2024-03-18}
}